@online{RaspberryWikipedia,
    author="Wikipedia",
    title="Raspbery {P}i",
    year={},
    url="http://en.wikipedia.org/wiki/Raspberry_Pi",
    note={{C}onsultation: 2014-10-23}
}
@online{WebSocketsResource,
    author="Wikipedia",
    title="Websockets.IO",
    year={},
    url="http://en.wikipedia.org/wiki/Raspberry_Pi",
    note={{C}onsultation: 2014-10-23}
}